@article{baydin2018automatic,
  title={Automatic differentiation in machine learning: a survey},
  author={Baydin, Atilim Gunes and Pearlmutter, Barak A and Radul, Alexey Andreyevich and Siskind, Jeffrey Mark},
  journal={Journal of machine learning research},
  volume={18},
  year={2018},
  publisher={Journal of Machine Learning Research}
}

@misc{k2,
  title = {{K2}},
  year = {2020},
  publisher = {GitHub},
  journal = {GitHub repository},
  howpublished = {\url{https://github.com/k2-fsa/k2}}
}

@inproceedings{povey2016purely,
  title={Purely sequence-trained neural networks for ASR based on lattice-free MMI.},
  author={Povey, Daniel and Peddinti, Vijayaditya and Galvez, Daniel and Ghahremani, Pegah and Manohar, Vimal and Na, Xingyu and Wang, Yiming and Khudanpur, Sanjeev},
  year={2016}
}

@inproceedings{graves2006,
  title={Connectionist temporal classification: labelling unsegmented sequence data with recurrent neural networks},
  author={Graves, Alex and Fern{\'a}ndez, Santiago and Gomez, Faustino and Schmidhuber, J{\"u}rgen},
  booktitle={Proceedings of the 23rd international conference on Machine learning},
  pages={369--376},
  year={2006},
  organization={ACM}
}

@inproceedings{povey2011kaldi,
  title={The Kaldi speech recognition toolkit},
  author={Povey, Daniel and Ghoshal, Arnab and Boulianne, Gilles and Burget, Lukas and Glembek, Ondrej and Goel, Nagendra and Hannemann, Mirko and Motlicek, Petr and Qian, Yanmin and Schwarz, Petr and others},
  booktitle={IEEE 2011 workshop on automatic speech recognition and understanding},
  number={CONF},
  year={2011},
  organization={IEEE Signal Processing Society}
}

@inproceedings{paszke2019pytorch,
  title={Pytorch: An imperative style, high-performance deep learning library},
  author={Paszke, Adam and Gross, Sam and Massa, Francisco and Lerer, Adam and Bradbury, James and Chanan, Gregory and Killeen, Trevor and Lin, Zeming and Gimelshein, Natalia and Antiga, Luca and others},
  booktitle={Advances in neural information processing systems},
  pages={8026--8037},
  year={2019}
}

@inproceedings{collobert2011torch7,
  title={Torch7: A matlab-like environment for machine learning},
  author={Collobert, Ronan and Kavukcuoglu, Koray and Farabet, Cl{\'e}ment},
  booktitle={BigLearn, NIPS workshop},
  number={CONF},
  year={2011}
}

@inproceedings{abadi2016tensorflow,
  title={Tensorflow: A system for large-scale machine learning},
  author={Abadi, Mart{\'\i}n and Barham, Paul and Chen, Jianmin and Chen, Zhifeng and Davis, Andy and Dean, Jeffrey and Devin, Matthieu and Ghemawat, Sanjay and Irving, Geoffrey and Isard, Michael and others},
  booktitle={12th $\{$USENIX$\}$ symposium on operating systems design and implementation ($\{$OSDI$\}$ 16)},
  pages={265--283},
  year={2016}
}

@article{mohri2002weighted,
  title={Weighted finite-state transducers in speech recognition},
  author={Mohri, Mehryar and Pereira, Fernando and Riley, Michael},
  journal={Computer Speech \& Language},
  volume={16},
  number={1},
  pages={69--88},
  year={2002},
  publisher={Elsevier}
}

@misc{awniblog,
  author = {Hannun, Awni},
  title = {Writing About Machine Learning},
  howpublished = {\url{https://awni.github.io/}}
}

@article{hannun2017sequence,
  author = {Hannun, Awni},
  title = {Sequence Modeling with CTC},
  journal = {Distill},
  year = {2017},
  note = {\url{https://distill.pub/2017/ctc}},
  doi = {10.23915/distill.00008}
}

@article{hannun2020differentiable,
  title={Differentiable Weighted Finite-State Transducers},
  author={Hannun, Awni and Pratap, Vineel and Kahn, Jacob and Hsu, Wei-Ning},
  journal={arXiv preprint arXiv:2010.01003},
  year={2020}
}

@misc{gtn,
  author = {Facebook AI Research},
  title = {{GTN}},
  year = {2020},
  publisher = {GitHub},
  journal = {GitHub repository},
  howpublished = {\url{https://github.com/facebookresearch/gtn}}
}

@misc{w2lcode,
  author = {Facebook AI Research},
  title = {wav2letter++},
  year = {2019},
  publisher = {GitHub},
  journal = {GitHub repository},
  howpublished = {\url{https://github.com/facebookresearch/wav2letter}}
}

@misc{flashlight,
  author = {Facebook AI Research},
  title = {Flashlight},
  year = {2019},
  publisher = {GitHub},
  journal = {GitHub repository},
  howpublished = {\url{https://github.com/facebookresearch/flashlight}}
}

@inproceedings{pratap2019,
  author={V. {Pratap} and A. {Hannun} and Q. {Xu} and J. {Cai} and J. {Kahn} and G. {Synnaeve} and V. {Liptchinsky} and R. {Collobert}},
  booktitle={ICASSP 2019 - 2019 IEEE International Conference on Acoustics, Speech and Signal Processing (ICASSP)},
  title={Wav2Letter++: A Fast Open-source Speech Recognition System},
  year={2019},
  pages={6460-6464}
}

@article{hannun2014deep,
  title={Deep speech: Scaling up end-to-end speech recognition},
  author={Hannun, Awni and Case, Carl and Casper, Jared and Catanzaro, Bryan and Diamos, Greg and Elsen, Erich and Prenger, Ryan and Satheesh, Sanjeev and Sengupta, Shubho and Coates, Adam and others},
  journal={arXiv preprint arXiv:1412.5567},
  year={2014}
}

@article{maas2013,
  title={Rectifier nonlinearities improve neural network acoustic models},
  author={Maas, A. L. and Hannun, A. Y. and Ng, A. Y.},
  journal={Proc. ICML},
  volume={30},
  year={2013}
}

@inproceedings{amodei2016deep,
  title={Deep Speech 2: End-to-End Speech Recognition in English and Mandarin},
  author={Amodei, Dario and Anubhai, Rishita and Battenberg, Eric and Case, Carl and Casper, Jared and Catanzaro, Bryan and Chen, JingDong and Chrzanowski, Mike and Coates, Adam and Diamos, Greg and others},
  booktitle={Proceedings of The 33rd International Conference on Machine Learning},
  pages={173--182},
  year={2016}
}
