@inproceedings{abadi2016tensorflow,
  title={Tensorflow: A system for large-scale machine learning},
  author={Abadi, Mart{\'\i}n and Barham, Paul and Chen, Jianmin and Chen, Zhifeng and Davis, Andy and Dean, Jeffrey and Devin, Matthieu and Ghemawat, Sanjay and Irving, Geoffrey and Isard, Michael and others},
  booktitle={12th $\{$USENIX$\}$ symposium on operating systems design and implementation ($\{$OSDI$\}$ 16)},
  pages={265--283},
  year={2016}
}

@inproceedings{allauzen2007openfst,
  title={OpenFst: A general and efficient weighted finite-state transducer library},
  author={Allauzen, Cyril and Riley, Michael and Schalkwyk, Johan and Skut, Wojciech and Mohri, Mehryar},
  booktitle={International Conference on Implementation and Application of Automata},
  pages={11--23},
  year={2007},
  organization={Springer}
}

@inproceedings{bergstra2010theano,
  title={Theano: a CPU and GPU math expression compiler},
  author={Bergstra, James and Breuleux, Olivier and Bastien, Fr{\'e}d{\'e}ric and Lamblin, Pascal and Pascanu, Razvan and Desjardins, Guillaume and Turian, Joseph and Warde-Farley, David and Bengio, Yoshua},
  booktitle={Proceedings of the Python for scientific computing conference (SciPy)},
  volume={4},
  number={3},
  pages={1--7},
  year={2010},
  organization={Austin, TX}
}

@inproceedings{bottou97,
  author = {Bottou, L\'{e}on and {Le Cun}, Yann and Bengio, Yoshua},
  title = {Global Training of Document Processing Systems using Graph Transformer Networks},
  booktitle = {Proceedings of Computer Vision and Pattern Recognition (CVPR)},
  publisher = {IEEE},
  address = {Puerto-Rico},
  year = {1997},
  pages = {489-493},
  url = {http://leon.bottou.org/papers/bottou-97},
}

@inproceedings{breuel2008ocropus,
  title={The {OCR}opus open source {OCR} system},
  author={Breuel, Thomas M},
  booktitle={Document recognition and retrieval XV},
  volume={6815},
  pages={68150F},
  year={2008},
  organization={International Society for Optics and Photonics}
}

@inproceedings{collobert2011torch7,
  title={Torch7: A matlab-like environment for machine learning},
  author={Collobert, Ronan and Kavukcuoglu, Koray and Farabet, Cl{\'e}ment},
  booktitle={BigLearn, NIPS workshop},
  number={CONF},
  year={2011}
}

@article{collobert2016wav2letter,
  title={Wav2letter: an end-to-end convnet-based speech recognition system},
  author={Collobert, Ronan and Puhrsch, Christian and Synnaeve, Gabriel},
  journal={arXiv preprint arXiv:1609.03193},
  year={2016}
}

@inproceedings{graves2006,
  title={Connectionist temporal classification: labelling unsegmented sequence data with recurrent neural networks},
  author={Graves, Alex and Fern{\'a}ndez, Santiago and Gomez, Faustino and Schmidhuber, J{\"u}rgen},
  booktitle={Proceedings of the 23rd international conference on Machine learning},
  pages={369--376},
  year={2006},
  organization={ACM}
}

@article{hannun2017sequence,
  author = {Hannun, Awni},
  title = {Sequence Modeling with CTC},
  journal = {Distill},
  year = {2017},
  note = {\url{https://distill.pub/2017/ctc}},
  doi = {10.23915/distill.00008}
}

@article{hannun2020differentiable,
  title={Differentiable Weighted Finite-State Transducers},
  author={Hannun, Awni and Pratap, Vineel and Kahn, Jacob and Hsu, Wei-Ning},
  journal={arXiv preprint arXiv:2010.01003},
  year={2020}
}

@misc{k2,
  title = {{k2}},
  year = {2020},
  publisher = {GitHub},
  journal = {GitHub repository},
  howpublished = {\url{https://github.com/k2-fsa/k2}}
}

@incollection{knight2009applications,
  title={Applications of weighted automata in natural language processing},
  author={Knight, Kevin and May, Jonathan},
  booktitle={Handbook of Weighted Automata},
  pages={571--596},
  year={2009},
  publisher={Springer}
}

@article{mohri2000design,
  title={The design principles of a weighted finite-state transducer library},
  author={Mohri, Mehryar and Pereira, Fernando and Riley, Michael},
  journal={Theoretical Computer Science},
  volume={231},
  number={1},
  pages={17--32},
  year={2000},
  publisher={Elsevier}
}

@incollection{mohri2009weighted,
  title={Weighted automata algorithms},
  author={Mohri, Mehryar},
  booktitle={Handbook of weighted automata},
  pages={213--254},
  year={2009},
  publisher={Springer}
}

@incollection{mohri2008speech,
  title={Speech recognition with weighted finite-state transducers},
  author={Mohri, Mehryar and Pereira, Fernando and Riley, Michael},
  booktitle={Springer Handbook of Speech Processing},
  pages={559--584},
  year={2008},
  publisher={Springer}
}

@article{mohri2002weighted,
  title={Weighted finite-state transducers in speech recognition},
  author={Mohri, Mehryar and Pereira, Fernando and Riley, Michael},
  journal={Computer Speech \& Language},
  volume={16},
  number={1},
  pages={69--88},
  year={2002},
  publisher={Elsevier}
}

@article{mohri1997finite,
  title={Finite-state transducers in language and speech processing},
  author={Mohri, Mehryar},
  journal={Computational linguistics},
  volume={23},
  number={2},
  pages={269--311},
  year={1997}
}

@inproceedings{paszke2019pytorch,
  title={Pytorch: An imperative style, high-performance deep learning library},
  author={Paszke, Adam and Gross, Sam and Massa, Francisco and Lerer, Adam and Bradbury, James and Chanan, Gregory and Killeen, Trevor and Lin, Zeming and Gimelshein, Natalia and Antiga, Luca and others},
  booktitle={Advances in neural information processing systems},
  pages={8026--8037},
  year={2019}
}

@inproceedings{pereira1994weighted,
  title={Weighted rational transductions and their application to human language processing},
  author={Pereira, Fernando and Riley, Michael and Sproat, Richard},
  booktitle={HUMAN LANGUAGE TECHNOLOGY: Proceedings of a Workshop held at Plainsboro, New Jersey, March 8-11, 1994},
  year={1994}
}

@article{pereira1997,
  title={Speech recognition by composition of weighted finite automata},
  author={Pereira, FC and Riley, Michael D},
  journal={Finite-state language processing},
  pages={431},
  year={1997}
}

@inproceedings{povey2016purely,
  title={Purely sequence-trained neural networks for ASR based on lattice-free MMI.},
  author={Povey, Daniel and Peddinti, Vijayaditya and Galvez, Daniel and Ghahremani, Pegah and Manohar, Vimal and Na, Xingyu and Wang, Yiming and Khudanpur, Sanjeev},
  year={2016}
}

@article{sproat1996stochastic,
  title={A Stochastic Finite-State Word-Segmentation Algorithm for Chinese},
  author={Sproat, Richard and Gale, William and Shih, Chilin and Chang, Nancy},
  journal={Computational Linguistics},
  volume={22},
  number={3},
  pages={377--404},
  year={1996},
  publisher={MIT Press Journals}
}

@article{hopcroft2001introduction,
  title={Introduction to automata theory, languages, and computation},
  author={Hopcroft, John E and Motwani, Rajeev and Ullman, Jeffrey D},
  journal={Acm Sigact News},
  volume={32},
  number={1},
  pages={60--65},
  year={2001},
  publisher={ACM New York, NY, USA}
}
